@inproceedings{Yi03eliminatingnoisy,
	 author = {Yi,, Lan and Liu,, Bing and Li,, Xiaoli},
	 title = {Eliminating noisy information in Web pages for data mining},
	 booktitle = {KDD '03: Proceedings of the ninth ACM SIGKDD international conference on Knowledge discovery and data mining},
	 year = {2003},
	 isbn = {1-58113-737-0},
	 pages = {296--305},
	 location = {Washington, D.C.},
	 doi = {http://doi.acm.org/10.1145/956750.956785},
	 publisher = {ACM},
	 address = {New York, NY, USA},
 }

@inproceedings{yossed02template,
	author = {Bar--Yossef,, Ziv and Rajagopalan,, Sridhar},
	title = {Template detection via data mining and its applications},
	booktitle = {WWW '02: Proceedings of the 11th international conference on World Wide Web},
	year = {2002},
	isbn = {1-58113-449-5},
	pages = {580--591},
	location = {Honolulu, Hawaii, USA},
	doi = {http://doi.acm.org/10.1145/511446.511522},
	publisher = {ACM},
	address = {New York, NY, USA},
 }

@inproceedings{kushmerick99removead,
	 author = {Kushmerick,, Nicholas},
	 title = {Learning to remove Internet advertisements},
	 booktitle = {AGENTS '99: Proceedings of the third annual conference on Autonomous Agents},
	 year = {1999},
	 isbn = {1-58113-066-X},
	 pages = {175--181},
	 location = {Seattle, Washington, United States},
	 doi = {http://doi.acm.org/10.1145/301136.301186},
	 publisher = {ACM},
	 address = {New York, NY, USA},
 }

@conference{baroni2006bga,
	 title={{Building general--and special--purpose corpora by Web crawling}},
	 author={Baroni,, Marco and Ueyama,, Motoko},
	 booktitle={Proceedings of the 13th NIJL International Symposium, Language Corpora: Their Compilation and Application},
	 pages={31--40},
	 year={2006}
}

@inproceedings{Kilgarriff01webas,
    author = {Kilgarriff,, Adam and Grefenstette,, Gregory},
    title = {Web as corpus},
    booktitle = {Lancaster University},
    year = {2001},
    pages = {342--344}
}

@article{Kilgarriff03introductionto,
    author = {Kilgarriff,, Adam and Grefenstette,, Gregory},
    title = {Introduction to the special issue on the web as corpus},
    journal = {Computational Linguistics},
    year = {2003},
    volume = {29},
    pages = {333--347}
}

@article{Liu04editorialspecial,
    author = {Liu,, Bing},
    title = {Editorial: Special Issue on Web Content Mining},
    journal = {ACM SIGKDD Explorations Newsletter},
    year = {2004},
    volume = {6},
    pages = {1--4}
}

@inproceedings{Song04learningblock,
    author = {Song,, Ruihua and Liu,, Haifeng and Ma,, Wei--Ying and Ji--Rong,, Wen},
    title = {Learning block importance models for web pages},
    booktitle = {In Intl. World Wide Web Conf. (WWW},
    year = {2004},
    pages = {203--211},
    publisher = {ACM Press}
}

@article{cai2003vvp,
  title={{VIPS: a visionbased page segmentation algorithm}},
  author={Cai,, Deng and Yu,, Shipeng and Wen,, Ji--Rong and Ma,, Wei--Ying},
  journal={Microsoft, Seattle, WA, Tech. Rep. No. MSRTR-2003-79},
  year={2003}
}

@inproceedings{Evi02recognitionof,
    author = {Kovačević,, Miloš and Dilligenti,, Michelangelo and Gori,, Marco and Milutinović,, Veljko},
    title = {Recognition of Common Areas in a Web Page Using Visual Information: a possible application in a page classification},
    booktitle = {in the proceedings of 2002 IEEE International Conference on Data Mining (ICDM'02},
    year = {2002},
    pages = {250},
    publisher = {IEEE Computer Society}
}

@Manual{CoCoTehnickaDok,
  title = 	 {Corpus collector -- tehnička dokumentacija},
  author = 	 {Hranj,, Zoran and Karačić,, Ivan and Kmetović,, Ivan and Kocman,, Branimir and Krišto,, Ivan and Pleša,, Nikola and Saratlija,, Josip and Šantić,, Nikola},
  organization = {Fakultet Elektrotehnike i Računarstva},
  year = 	 {2009}
}

@misc{Banko01mitigatingthe,
    author = {Banko,, Michele and Brill,, Eric},
    title = {Mitigating the Paucity--of--Data Problem: Exploring the Effect of Training Corpus Size on Classifier Performance for Natural Language Processing},
    year = {2001}
}

@misc{Boleda06cucweb,
    author = {Boleda,, Gemma and Bott,, Stefan and Meza,, Rodrigo and Castillo,, Carlos and Badia,, Toni and Lopez,, Vicente},
    title = {CUCWeb: a Catalan corpus built from the Web},
    year = {2006}
}

@Misc{ivankovic2009lcs,
  author = 	 {Ivanković,, Marko},
  title = 	 {Najduži uzastopni podniz dvaju nizova},
  year = 	 {2009}
}

@InProceedings{ariasEtAl2009,
  author = 	 {Arias, Moreno, Javier and Deschacht,, Koen and Moens,, Marie--Francine},
  title = 	 {Language Independent Content Extraction from Web Pages},
  booktitle = {Proceedings of the 9th Dutch--Belgian information retrieval workshop},
  year = 	 {2009},
  publisher = {University of Twente}
}

@book{DBLP:series/sci/2007-43,
  editor    = {Fabrice Guillet and
               Howard J. Hamilton},
  title     = {Quality Measures in Data Mining},
  publisher = {Springer},
  series    = {Studies in Computational Intelligence},
  volume    = {43},
  year      = {2007},
  isbn      = {978-3-540-44911-9},
  bibsource = {DBLP, http://dblp.uni-trier.de}
}

@book{manning99statnlp,
	author = {Manning, D., Christopher and Schtze,, Hinrich},
	howpublished = {Hardcover},
	isbn = {0262133601},
	month = {June},
	publisher = {{The MIT Press}},
	title = {Foundations of Statistical Natural Language Processing},
	year = {1999}
}

@MISC{Finn01factor,
    author = {Finn,, Aidan and Kushmerick,, Nicholas and Smyth,, Barry},
    title = {Fact or fiction: Content classification for digital libraries},
    year = {2001}
}

@Book{panian05informatickirjecnik,
  author = 	 {Panian,, Željko},
  title = 	 {Informatički enciklopedijski rječnik, @--L},
  publisher = 	 {Europapress holding},
  year = 	 {2005},
  volume = 	 {1}
}
